%==================================================================================
@book{KARLINTAYLOR1,
   author  = "S. Karlin and H. Taylor",
   title   = {A first course in stochastic processes},
   publisher = {Academic Press},
   year    = {1975}
} 
%==================================================================================
@book{FELLER2,
   author  = "W. Feller",
   title   = {An Introduction to Probability Theory and its Applications},
   publisher = {Willey},
   volume = {2},
   edition = {2nd},
   year    = {1971}
} 
%==================================================================================
@book{COLES,
   author  = "S. Coles",
   title   = {An Introduction to Statistical Modelling of Extreme Values},
   publisher = {Springer},
   year    = {2001}
} 
%==================================================================================
@book{EKM,
   author  = {P. Embrecht and C. Kl\"{u}ppelberg and T. Mikosch},
   title   = {Modelling Extremal Events for Insurance and Finance},
   publisher = {Springer},
   year    = {1996}
} 
%==================================================================================
@book{MIQUEL,
   author ="J. Miquel",
   title  ="{Guide d'Estimation des probabilit\'es des d\'ebits de crue}" ,
   publisher ="{EDF, Direction des \'Etudes et Recherches}",
   year   ="1981"}
%==================================================================================
@book{MIQUELBOOK,
    title = "{Guide pratique d'estimation des probabilit\'es de crues}",
    author = "J. Miquel",
    year = "1984",
    publisher = "Eyrolles",
    city = "Paris"}
%==================================================================================
@article{STEPHEXT,
   title   = "{Software for the analysis of extreme events: The current state 
                and future directions}",
   author  = "A.G. Stephenson and E. Gillerland",
   journal = "Extremes",
   volume  = "8",
   year    = "2006", 
   pages   = "87-109"}
%==================================================================================
@article{OT,
   title   = "{\'Echantillonnage par valeurs sup\'erieures \`{a} un seuil: mod\'elisation des 
               occurrences par la m\'ethode du renouvellement}",
   author  = "M. Lang  and P. Rasmussen  and G. Oberlin and B. Bobee",
   journal = "Revue des Sciences de l'Eau",
   volume  = "10",
   number  = "3",
   year    = "1997", 
   pages   = "279-320"}
%==================================================================================
@article{EAU2,
   title   = "{Revue de processus ponctuels et synth\`{e}se de tests statistiques pour le
               choix d'un type de processus.}",
   author  = "A. Yagouti and I. Abi-Zeid and T.B.M.J. Ouarda and B. Bobee",
   journal = "Revue des Sciences de l'Eau",
   volume  = "14",
   number  = "3",
   year    = "2001", 
   pages   = "323-361"}
%==================================================================================
@book{KOTZ,
    title  = "{Extreme Value Distributions, Theory and Applications}",
    author = "S. Kotz and S. Nadarajah", 
    year   = "2005",
    publisher = "Imperial College Press", 
    city   = "London"}
%==================================================================================
@book{CONTI1,
     author = "N. Johnson and S. Kotz and N. Balakrishnan",
     title = "{Continuous Univariate Distributions}",
     volume = {1},
     publisher = {Wiley},
     edition = {2nd},
     year = {1994}}
%==================================================================================
@book{BEIRLANT,
    title  = "{Statistics of Extreme. Theory and Applications}",
    author = "J. Beirlant and Y. Goegebeur and J. Segers and J. Teugels", 
    year   = "2004",
    series = "Wiley series in Probability and Statistics",
    publisher = "John Wiley"}
%==================================================================================
@book{PARENTBOOK,
    title  = "{Le raisonnement bay\'esien: mod\'elisation et inf\'erence}",
    author = {\'E. Parent and J. Bernier}, 
    year   = "2007",
    series = "Coll. Statistiques et probabilit\'es appliqu\'ees",
    publisher = "Springer-Verlag",
    city = "Paris"}
%==================================================================================
@book{COXISHAM,
    title  = "{Point Processes}",
    author = "D.R. Cox and V. Isham", 
    year   = "1980",
    series = "Monograph on Applied Probability and Statistics",
    publisher = "Chapman and Hall",
    city = "London"}
%%==============================================================
@Article{PACKevd,
    title = "{evd: Extreme Value Distributions}",
    author = "A.G. Stephenson",
    journal = {R News},
    year = {2002},
    volume = {2},
    number = {2},
    pages = {0},
    month = {June},
    url = {http://CRAN.R-project.org/doc/Rnews/}
  }
%%==============================================================
  @Manual{PACKextRemes,
    title = {extRemes: Extreme value toolkit.},
    author = "E. Gilleland and R. Katz and G. Young",
    year = {2004},
    note = "{R package version 1.59}",
    url = {http://www.assessment.ucar.edu/toolkit/}
  }
%%==============================================================
  @Manual{PACKismev,
    title = {ismev: An Introduction to Statistical Modeling of Extreme Values},
    author = "J.E. Heffernan and A.G. Stephenson",
    year = {2012},
    note = {R package version 1.39. Original S functions by J.E. Heffernan and R port and R 
             documentation files by A. Stephenson.},
    url = {http://www.ral.ucar.edu/~ericg/softextreme.php},
  }
%%===============================================================
  @Manual{PACKevdbayes,
    title = {evdbayes: Bayesian Analysis in Extreme Value Theory},
    author = "A.G. Stephenson and M. Ribatet",
    year = {2008},
    note = "{R package version 1.0-7}",
  }
%%===============================================================
  @Manual{PACKPOT,
    title = {POT: Generalized Pareto Distribution and Peaks Over Threshold},
    author = "M. Ribatet",
    year = {2009},
    note = "{R package version 1.1-0}",
    url = {http://CRAN.R-project.org/package=POT},
  }
%%================================================================
 @Manual{PACKnsRFA,
    title = {nsRFA: Non-supervised Regional Frequency Analysis},
    author = "A. Viglione",
    year = {2009},
    note = {R package version 0.6-9},
    url = {http://CRAN.R-project.org/package=nsRFA},
  } 
%%===============================================================
 @Manual{PACKevir,
    title = {evir: Extreme Values in R},
    author = {B. Pfaff and A. McNeil},
    year = {2012},
    note = {R package version 1.7-3},
    url = {http://CRAN.R-project.org/package=evir},
  }
%%================================================================
 @misc{BAGNOLIBERGSTROM,
    title = "{Log-Concave Probability and Its Applications}",
    author = "M. Bagnoli and T. Bergstrom",
    year = {2004},
    howpublished = "{University of California Santa Barbara, dpt of Economics. Paper 1989D}",
    url = "{works.bepress.com/ted_bergstrom/98}",
  }
%%===============================================================
  @Manual{RMANUAL,
    title = {R: A Language and Environment for Statistical Computing},
    author = {{R Development Core Team}},
    organization = "{R Foundation for Statistical Computing}",
    address = {Vienna, Austria},
    year = {2010},
    note = {{ISBN} 3-900051-07-0},
    url = {http://www.R-project.org},
  }
%%===============================================================
@book{COXRENEWAL,
  address = {London},
  author = "D.R. Cox",
  publisher = {Methuen},
  title = "{Renewal Theory}",
  year = 1962
}
%==================================================================================
@article{DAVSMITH,
   title   = "{Models for Exceedances over High Thresholds}",
   author  = "A.C. Davison and R.L. Smith",
   journal = "J.R. Statist. Soc. B",
   volume  = "52",
   number  = "3",
   year    = "1990", 
   pages   = "393-442"}
%==================================================================================
@article{LomaxBias,
   title   = "{On the Bias of the Maximum Likelihood Estimator for the Two-Parameter 
             Lomax Distribution}",
   author  = "D.E. Giles and  H. Feng and  R.T. Godwin",
   journal = "{Communications in Statistics - Theory and Methods}",
   volume  = "42",
   number  = "11",
   year    = "2013",
   pages   = "1934-1950"}
%%================================================================
 @misc{RenCompDet,
    title = "{Renext Computing Details}",
    author = "Y. Deville",
    year = {2015},
    howpublished = "{Institut de Radioprotection et de S\^{u}ret\'{e} Nucl\'{e}aire}",
  }
%%=================================================================================
@article{HirschStedinger,
   author = "R.M. Hirsch and J.R. Stedinger",
   title = "{Plotting Positions for Historical Floods and their Precision}",
   journal = "{Water Ressources Research}", 
   year = "1987",
   volume = "23", 
   number = "4", 
   pages = "715-727"
}
%==================================================================================
@book{EnvStat,
   author  = "S.P. Millard and N.K. Neerchal ",
   title   = {Environmental Statistics with S-Plus},
   publisher = {CRC Press},
   year    = {2001}
} 
%%=================================================================================
@article{Cunnane,
   author = "C. Cunnane",
   title = "{Unbiased Plotting Positions --~a Review}",
   journal = "{Journal of Hydrology}", 
   year = "1978",
   volume = "37", 
   number = "3", 
   pages = "205-222"
}
%%==========================================================================
@article{Castillo,
  author = {E. Castillo and A.S. Hadi},
  journal = {Journal of the American Statistical Association},
  number = 440,
  pages = "1609-1620",
  title = "{Fitting the Generalized Pareto Distribution to Data}",
  year = 1997
}
%%==========================================================================
@article{delCastillo,
  author = {J. del Castillo and J. Daoudi},
  issn = {0167-7152},
  journal = {Statistics \& Probability Letters},
  number = 5,
  pages = "684-688",
  title = "{Estimation of the Generalized Pareto Distribution}",
  volume = 79,
  year = 2009
}
%%==========================================================================
@article{Grimshaw,
  title = "{Computing Maximum Likelihood Estimates for the Generalized 
      Pareto Distribution}",
  author = {S.D. Grimshaw},
  journal = {Technometrics},
  volume = "35",
  number = "2", 
  month = "May", 
  year = "1993",
  pages = "185-191"
}
%==============================================================================
@article{BeirlantTest,
    title  = "{A Goodness-of-fit Statistic for Pareto-Type Behaviour}",
    author = "J. Beirlant and T. de Weit and Y. Goegebeur", 
    year   = "2006",
    journal = "Journal of Computational and Applied Mathematics",
    volume = "186",
    number = "1",
    pages = "99-116"}
%==================================================================================
@article{Royen,
    title  = "{The Distribution of the Square Sum of Dirichlet Random Variables  
               and a Table with Quantiles of the Greenwood's Statistic}",
    author = "T. Royen", 
    year   = "2010",
    journal = "Far East Journal of Theoretical Statistics",
    volume = "33",
    number = "",
    pages = "57-80"}
%==================================================================================
@article{Does,
    title  = "{Approximating the Distribution of the Greenwood's Statistic}",
    author = "R.J.M.M Does and R. Helmers and C.A.J Klaassen", 
    year   = "1988",
    journal = "Statistica Neerlandica",
    volume = "42",
    number = "3",
    pages = "153-161"
}
%==================================================================================
@article{Kozubowski,
  author = "T.J. Kozubowski and A. K. Panorska and F. Qeadan and A. Gershunov and D. Rominger",
  journal = {Communications in Statistics - Simulation and Computation},
  number = "1",
  pages = "{118-139}",
  title = "{Testing Exponentiality Versus Pareto Distribution via Likelihood Ratio}",
  volume = "38",
  year = "2009"
}
%==================================================================================
@article{Choulakian,
   journal = "{Goodness-of-Fit Tests for the Generalized Pareto Distribution}",
   author = "V. Choulakian and M.A. Stephens",
   journal = {Journal of the American Statistical Association},
   number = "4",
   pages = "{118-139}",
   volume = "43",
   year = "2001",
   month = "nov"
}
%%=================================================================================
@article{Henze,
   title = "{Recent and Classical Tests for Exponentiality: a Partial Review with Comparisons}",
   author = "N. Henze and S.G. Meintanis",
   year = {2005},
   journal = {Metrika},
   volume = {61},
   number = {1},
   pages = {29-45}
}
%%=================================================================================
@article{Gattoa,
   title = "{a Saddlepoint Approximation for Testing Exponentiality against 
            some increasing failure rate alternatives}",
   author = "R. Gattoa and S.R. Jammalamadakab",
   journal = "Statistics \& Probability Letters",
   number = "58",
   year = "2002",
   pages = "71–81"
}
%%=================================================================================
@article{Ascher,
   title = "{a Survey of Tests for Exponentiality}",
   author = "S. Ascher",
   journal = "Communications in Statistics-Theory and Methods",
   number = "19",
   year = "1990",
   pages = "1811-1825"
} 
%%=================================================================================
@Manual{exptest,
    title = {exptest: Tests for Exponentiality},
    author = {A. Novikov and R. Pusev and M. Yakovlev},
    year = {2013},
    note = {R package version 1.2},
    url = {http://CRAN.R-project.org/package=exptest},
  }  
%%=================================================================================
@Manual{DiceDesign,
    title = {DiceDesign: Designs of Computer Experiments},
    author = {J. Franco and D. Dupuy and O. Roustant and G. Damblin and B. Iooss.},
    year = {2014},
    note = {R package version 1.6},
    url = {http://CRAN.R-project.org/package=DiceDesign},
  }
%==================================================================================
@book{DAVISONBOOK,
   title   = "{Statistical Models}",
   author  = "A.C. Davison",
   year    = "2003", 
   series  = "Cambridge Series in Statistical and Probabilistic Mathematics",
   publisher = "Cambridge University Press"
}
%==================================================================================
@article{ParentHist,
   title = "{Bayesian POT modeling for historical data}",
   author = "É. Parent and J. Bernier", 
   year   = "2003",
   journal = "Journal of Hydrology",
   volume  = "234",
   pages = "95--108"
   }
%==================================================================================
@article{WallerTurnbull,  
   author = "L.A. Waller and B.W. Turnbull",
   year = "1992", 
   title = "{Probability Plotting With Censored Data}", 
   journal = "The American Statistician",
   volume = "46",
   number = "1", 
   pages = "5--12"
} 
%==================================================================================
@article{Nelson,  
   title = "Theory and Applications Censored Failure Data",
   author = "W. Nelson",
   year = "2000", 
   journal = "Technometrics",
   volume = "42",
   number = "1", 
   pages = "12--25"
} 
%==================================================================================
@article{Ghosh,  
   title = "Theory and Applications Censored Failure Data",
   author = "K. Ghosh and S.R. Jammalamadaka",
   year = "1998", 
   journal = "Journal of Statistical Planning and Inference",
   volume = "69",
   number = "2", 
   pages = "245--261"
}   
%==================================================================================
@Book{PACKlattice,
    title = {Lattice: Multivariate Data Visualization with R},
    author = {D. Sarkar},
    publisher = {Springer},
    address = {New York},
    year = {2008},
    note = {ISBN 978-0-387-75968-5},
    url = {http://lmdvr.r-forge.r-project.org},
  }